@Article{Jansen:2001,
  Author="Jansen, R. C. and Nap, J. P.",
  Title="{{G}enetical genomics: the added value from segregation}",
  Journal="Trends Genet.",
  Year="2001",
  Volume="17",
  Number="7",
  Pages="388--391",
  Month="Jul"
}

@Article{Broman:2003,
  Author="Broman, K. W.  and Wu, H.  and Sen, S.  and Churchill, G. A. ",
  Title="{{R}/qtl: {Q}{T}{L} mapping in experimental crosses}",
  Journal="Bioinformatics",
  Year="2003",
  Volume="19",
  Number="7",
  Pages="889--890",
  Month="May"
}

@Article{Swertz:2004,
  Author="Swertz, M. A.  and De Brock, E. O.  and Van Hijum, S. A.  and De Jong, A.  and Buist, G.  and Baerends, R. J.  and Kok, J.  and Kuipers, O. P.  and Jansen, R. C. ",
  Title="{{M}olecular {G}enetics {I}nformation {S}ystem ({M}{O}{L}{G}{E}{N}{I}{S}): alternatives in developing local experimental genomics databases}",
  Journal="Bioinformatics",
  Year="2004",
  Volume="20",
  Number="13",
  Pages="2075--2083",
  Month="Sep"
}

@Article{Breitling:2008,
  Author="Breitling, R.  and Li, Y.  and Tesson, B. M.  and Fu, J.  and Wu, C.  and Wiltshire, T.  and Gerrits, A.  and Bystrykh, L. V.  and de Haan, G.  and Su, A. I.  and Jansen, R. C. ",
  Title="{{G}enetical genomics: spotlight on {Q}{T}{L} hotspots}",
  Journal="PLoS Genet.",
  Year="2008",
  Volume="4",
  Number="10",
  Pages="e1000232",
  Month="Oct"
}

@Manual{R:2009,
  Url = {http://www.R-project.org},
  Title = {R: A Language and Environment for Statistical Computing},
  Author = {{R Development Core Team}},
  Organization = {R Foundation for Statistical Computing},
  Address = {Vienna, Austria},
  Year = {2008},
  Note = {{ISBN} 3-900051-07-0},
}

@Article{Swertz:2010,
  Author="Swertz, M. A.  and Velde, K. J.  and Tesson, B. M.  and Scheltema, R. A.  and Arends, D.  and Vera, G.  and Alberts, R.  and Dijkstra, M.  and Schofield, P.  and Schughart, K.  and Hancock, J. M.  and Smedley, D.  and Wolstencroft, K.  and Goble, C.  and de Brock, E. O.  and Jones, A. R.  and Parkinson, H. E.  and Jansen, R. C. ",
  Title="{{X}{G}{A}{P}: a uniform and extensible data model and software platform for genotype and phenotype experiments}",
  Journal="Genome Biol.",
  Year="2010",
  Volume="11",
  Number="3",
  Pages="R27"
}

@Article{Arends:2010,
  Author="Arends, D.  and Prins, P.  and Jansen, R. C.  and Broman, K. W. ",
  Title="{{R}/qtl: high-throughput multiple {Q}{T}{L} mapping}",
  Journal="Bioinformatics",
  Year="2010",
  Volume="26",
  Number="23",
  Pages="2990--2992",
  Month="Dec"
}

@Article{Lude:2011,
  Author="Fehrmann, R. S.  and Jansen, R. C.  and Veldink, J. H.  and Westra, H. J.  and Arends, D.  and Bonder, M. J.  and Fu, J.  and Deelen, P.  and Groen, H. J.  and Smolonska, A.  and Weersma, R. K.  and Hofstra, R. M.  and Buurman, W. A.  and Rensen, S.  and Wolfs, M. G.  and Platteel, M.  and Zhernakova, A.  and Elbers, C. C.  and Festen, E. M.  and Trynka, G.  and Hofker, M. H.  and Saris, C. G.  and Ophoff, R. A.  and van den Berg, L. H.  and van Heel, D. A.  and Wijmenga, C.  and Te Meerman, G. J.  and Franke, L. ",
  Title="{{T}rans-e{Q}{T}{L}s reveal that independent genetic variants associated with a complex phenotype converge on intermediate genes, with a major role for the {H}{L}{A}}",
  Journal="PLoS Genet.",
  Year="2011",
  Volume="7",
  Number="8",
  Pages="e1002197",
  Month="Aug"
}

@Article{Joosen:2011,
  Author="Joosen, R. V.  and Arends, D.  and Willems, L. A.  and Ligterink, W.  and Jansen, R. C.  and Hilhorst, H. W. ",
  Title="{{V}isualizing the genetic landscape of {A}rabidopsis seed performance}",
  Journal="Plant Physiol.",
  Year="2012",
  Volume="158",
  Number="2",
  Pages="570--589",
  Month="Feb"
}

@Article{Arends:2012,
   Author="Arends, D.  and van der Velde, K. J.  and Prins, P.  and Broman, K. W.  and Moller, S.  and Jansen, R. C.  and Swertz, M. A. ",
   Title="{x{Q}{T}{L} workbench: a scalable web environment for multi-level {Q}{T}{L} analysis}",
   Journal="Bioinformatics",
   Year="2012",
   Volume="28",
   Number="7",
   Pages="1042--1044",
   Month="Apr"
}

@Article{Snoek:2012,
  Author="Snoek, L. B.  and Van der Velde, K. J.  and Arends, D.  and Li, Y.  and Beyer, A.  and Elvin, M.  and Fisher, J.  and Hajnal, A.  and Hengartner, M. O.  and Poulin, G. B.  and Rodriguez, M.  and Schmid, T.  and Schrimpf, S.  and Xue, F.  and Jansen, R. C.  and Kammenga, J. E.  and Swertz, M. A. ",
  Title="{{W}orm{Q}{T}{L}--public archive and analysis web portal for natural variation data in {C}aenorhabditis spp}",
  Journal="Nucleic Acids Res.",
  Year="2013",
  Volume="41",
  Number="D1",
  Pages="D738-D743",
  Month="Jan"
}

